<record><leader>00000cas a2200000 a 4500</leader><controlfield tag="001">17616700</controlfield><controlfield tag="008">880311d19041906waudn ne      0    0eng d</controlfield><datafield ind1=" " ind2=" " tag="010"><subfield code="a">sn 88085584 </subfield></datafield><datafield ind1=" " ind2=" " tag="040"><subfield code="a">SLZ</subfield><subfield code="b">eng</subfield><subfield code="c">SLZ</subfield><subfield code="d">OCL</subfield><subfield code="d">OCLCQ</subfield><subfield code="d">OCLCF</subfield><subfield code="d">OCLCO</subfield></datafield><datafield ind1="1" ind2=" " tag="029"><subfield code="a">AU@</subfield><subfield code="b">000025820678</subfield></datafield><datafield ind1=" " ind2=" " tag="042"><subfield code="a">msc</subfield></datafield><datafield ind1=" " ind2=" " tag="043"><subfield code="a">n-us-wa</subfield></datafield><datafield ind1="0" ind2=" " tag="130"><subfield code="a">Bellingham reveille (Bellingham, Wash. : 1904)</subfield></datafield><datafield ind1="1" ind2="0" tag="245"><subfield code="a">Bellingham reveille.</subfield></datafield><datafield ind1="3" ind2="0" tag="246"><subfield code="a">Bellingham daily reveille</subfield></datafield><datafield ind1=" " ind2=" " tag="260"><subfield code="a">Bellingham, Wash. :</subfield><subfield code="b">Bellingham Bay Pub. Co.</subfield></datafield><datafield ind1=" " ind2=" " tag="300"><subfield code="a">v.</subfield></datafield><datafield ind1=" " ind2=" " tag="310"><subfield code="a">Daily (except Monday)</subfield></datafield><datafield ind1="0" ind2=" " tag="362"><subfield code="a">14th year, no. 167 (Mar. 15, 1904)-16th year, no. 74 (Dec. 1, 1906).</subfield></datafield><datafield ind1=" " ind2=" " tag="500"><subfield code="a">Sometimes published as: Bellingham daily reveille.</subfield></datafield><datafield ind1=" " ind2="0" tag="651"><subfield code="a">Bellingham (Wash.)</subfield><subfield code="v">Newspapers.</subfield></datafield><datafield ind1=" " ind2="7" tag="655"><subfield code="a">Newspapers.</subfield><subfield code="2">fast</subfield><subfield code="0">(OCoLC)fst01423814</subfield></datafield><datafield ind1=" " ind2="7" tag="651"><subfield code="a">Washington (State)</subfield><subfield code="z">Bellingham.</subfield><subfield code="2">fast</subfield><subfield code="0">(OCoLC)fst01204684</subfield></datafield><datafield ind1=" " ind2=" " tag="752"><subfield code="a">United States</subfield><subfield code="b">Washington</subfield><subfield code="c">Whatcom</subfield><subfield code="d">Bellingham.</subfield></datafield><datafield ind1="0" ind2="0" tag="780"><subfield code="t">Daily reveille (Whatcom, Wash.)</subfield><subfield code="w">(DLC)sn 88085583</subfield></datafield><datafield ind1="0" ind2="1" tag="785"><subfield code="t">Morning reveille and the evening American</subfield><subfield code="w">(DLC)sn 88085464</subfield></datafield></record>